<record>
  <datafield tag="024" ind1="7" ind2=" ">
    <subfield code="a">10.1142/S1793292014400013</subfield>
    <subfield code="2">DOI</subfield>
  </datafield>
  <datafield tag="100" ind1=" " ind2=" ">
    <subfield code="a">Bi, Dongqin</subfield>
    <subfield code="v">Department of Chemistry-Angstrom Laboratory, Uppsala University, Box 532, SE 751 20 Uppsala, Sweden</subfield>
  </datafield>
  <datafield tag="245" ind1=" " ind2=" ">
    <subfield code="a">High-efficient solid-state perovskite solar cell without lithium salt in the hole transport material</subfield>
  </datafield>
  <datafield tag="260" ind1=" " ind2=" ">
    <subfield code="c">2014-06-05</subfield>
    <subfield code="t">published</subfield>
  </datafield>
  <datafield tag="300" ind1=" " ind2=" ">
    <subfield code="a">7</subfield>
  </datafield>
  <datafield tag="520" ind1=" " ind2=" ">
    <subfield code="a">CH3NH3PbX(X = Br, I, Cl) perovskites have recently been used as light absorbers in hybrid organic-inorganic solid-state solar cells, with efficiencies above 15%. To date, it is essential to add Lithium bis(Trifluoromethanesulfonyl)Imide (LiTFSI) to the hole transport materials (HTM) to get a higher conductivity. However, the detrimental effect of high LiTFSI concentration on the charge transport, DOS in the conduction band of the TiO2 substrate and device stability results in an overall compromise for a satisfactory device. Using a higher mobility hole conductor to avoid lithium salt is an interesting alternative. Herein, we successfully made an efficient perovskite solar cell by applying a hole conductor PTAA (Poly[bis(4-phenyl) (2,4,6-trimethylphenyl)-amine]) in the absence of LiTFSI. Under AM 1.5 illumination of 100 mW/cm2, an efficiency of 10.9% was achieved, which is comparable to the efficiency of 12.3% with the addition of 1.3 mM LiTFSI. An unsealed device without Li+ shows interestingly a promising stability.</subfield>
    <subfield code="9">World Scientific</subfield>
  </datafield>
  <datafield tag="542" ind1=" " ind2=" ">
    <subfield code="d">World Scientific Publishing Company</subfield>
    <subfield code="g">2014</subfield>
    <subfield code="e">Article</subfield>
  </datafield>
  <datafield tag="650" ind1="1" ind2="7">
    <subfield code="2">World Scientific</subfield>
    <subfield code="a">Perovskite CH 3 NH 3 PbI 3</subfield>
  </datafield>
  <datafield tag="650" ind1="1" ind2="7">
    <subfield code="2">World Scientific</subfield>
    <subfield code="a">solar cell</subfield>
  </datafield>
  <datafield tag="650" ind1="1" ind2="7">
    <subfield code="2">World Scientific</subfield>
    <subfield code="a">lithium</subfield>
  </datafield>
  <datafield tag="653" ind1="1" ind2=" ">
    <subfield code="a">Perovskite CH 3 NH 3 PbI 3</subfield>
    <subfield code="9">author</subfield>
  </datafield>
  <datafield tag="653" ind1="1" ind2=" ">
    <subfield code="a">solar cell</subfield>
    <subfield code="9">author</subfield>
  </datafield>
  <datafield tag="653" ind1="1" ind2=" ">
    <subfield code="a">lithium</subfield>
    <subfield code="9">author</subfield>
  </datafield>
  <datafield tag="700" ind1=" " ind2=" ">
    <subfield code="a">Boschloo, Gerrit</subfield>
    <subfield code="v">Department of Chemistry-Angstrom Laboratory, Uppsala University, Box 532, SE 751 20 Uppsala, Sweden</subfield>
  </datafield>
  <datafield tag="700" ind1=" " ind2=" ">
    <subfield code="a">Hagfeldt, Anders</subfield>
    <subfield code="v">Department of Chemistry-Angstrom Laboratory, Uppsala University, Box 532, SE 751 20 Uppsala, Sweden</subfield>
    <subfield code="v">School of Chemical Engineering, Sungkyunkwan University, Suwon 440-746, Korea</subfield>
    <subfield code="m">anders.hagfeldt@kemi.uu.se</subfield>
  </datafield>
  <datafield tag="710" ind1=" " ind2=" ">
    <subfield code="g">Belle Collaboration</subfield>
  </datafield>
  <datafield tag="773" ind1=" " ind2=" ">
    <subfield code="p">NANO</subfield>
    <subfield code="n">05</subfield>
    <subfield code="v">9</subfield>
    <subfield code="c">1440001</subfield>
    <subfield code="y">2014</subfield>
    <subfield code="m">Erratum</subfield>
  </datafield>
  <datafield tag="980" ind1=" " ind2=" ">
    <subfield code="a">HEP</subfield>
  </datafield>
  <datafield tag="980" ind1=" " ind2=" ">
    <subfield code="a">Published</subfield>
  </datafield>
</record>
